<record><leader>00000cas a22000007a 4500</leader><controlfield tag="001">11249654</controlfield><controlfield tag="008">841010c19609999mtuwr ne      0   a0eng  </controlfield><datafield ind1=" " ind2=" " tag="010"><subfield code="a">sn 84002322 </subfield></datafield><datafield ind1=" " ind2=" " tag="040"><subfield code="a">DLC</subfield><subfield code="b">eng</subfield><subfield code="c">DLC</subfield><subfield code="d">NSD</subfield><subfield code="d">MTL</subfield><subfield code="d">NSD</subfield><subfield code="d">OCL</subfield><subfield code="d">MTG</subfield><subfield code="d">OCLCQ</subfield><subfield code="d">OCLCO</subfield><subfield code="d">OCLCF</subfield></datafield><datafield ind1=" " ind2=" " tag="012"><subfield code="k">1</subfield><subfield code="m">1</subfield></datafield><datafield ind1="1" ind2=" " tag="022"><subfield code="a">8750-2925</subfield><subfield code="l">8750-2925</subfield><subfield code="2">1</subfield></datafield><datafield ind1=" " ind2=" " tag="032"><subfield code="a">632060</subfield><subfield code="b">USPS</subfield></datafield><datafield ind1=" " ind2=" " tag="037"><subfield code="b">Tobacco Valley News, Box 307, Eureka, MT 59917</subfield></datafield><datafield ind1=" " ind2=" " tag="042"><subfield code="a">nsdp</subfield><subfield code="a">pcc</subfield></datafield><datafield ind1=" " ind2="0" tag="222"><subfield code="a">Tobacco Valley news</subfield></datafield><datafield ind1="0" ind2="0" tag="245"><subfield code="a">Tobacco Valley news.</subfield></datafield><datafield ind1=" " ind2=" " tag="260"><subfield code="a">Eureka, Mont. :</subfield><subfield code="b">R.C. Shirley,</subfield><subfield code="c">1960-</subfield></datafield><datafield ind1=" " ind2=" " tag="300"><subfield code="a">v. :</subfield><subfield code="b">ill. ;</subfield><subfield code="c">58 cm.</subfield></datafield><datafield ind1=" " ind2=" " tag="310"><subfield code="a">Weekly</subfield></datafield><datafield ind1="0" ind2=" " tag="362"><subfield code="a">Vol. 1, no. 1 (July 14, 1960)-</subfield></datafield><datafield ind1=" " ind2=" " tag="500"><subfield code="a">Published: Larry and Cheryl Cheek, &lt;Apr. 11, 1991-&gt;</subfield></datafield><datafield ind1=" " ind2="0" tag="651"><subfield code="a">Eureka (Mont.)</subfield><subfield code="v">Periodicals.</subfield></datafield><datafield ind1=" " ind2="7" tag="655"><subfield code="a">Periodicals.</subfield><subfield code="2">fast</subfield><subfield code="0">(OCoLC)fst01411641</subfield></datafield><datafield ind1=" " ind2="7" tag="651"><subfield code="a">Montana</subfield><subfield code="z">Eureka.</subfield><subfield code="2">fast</subfield><subfield code="0">(OCoLC)fst01266517</subfield></datafield><datafield ind1=" " ind2=" " tag="752"><subfield code="a">United States</subfield><subfield code="b">Montana</subfield><subfield code="c">Lincoln</subfield><subfield code="d">Eureka.</subfield></datafield><datafield ind1=" " ind2=" " tag="936"><subfield code="a">Vol. 31, no. 43 (Thursday, Apr. 11, 1991) LIC</subfield></datafield></record>